@article{SMTLIB,
 author = {Clark Barrett, Pascal Fontaine, Cesare Tinelli},
 title = {The SMT-LIB Standard, Version 2.5},
 year = {2015},
 note = "Also available as \url{http://smtlib.cs.uiowa.edu/papers/smt-lib-reference-v2.5-r2015-06-28.pdf}",
} 

@article{Sudoku1,
 author = {Tjark Weber},
 title = {A SAT-based Sudoku Solver},
 note = "Also available as \url{https://www.lri.fr/~conchon/mpri/weber.pdf}",
} 

@article{Sudoku2,
 author = {Ines Lynce, Joel Ouaknine},
 title = {Sudoku as a SAT Problem},
 note = "Also available as \url{http://sat.inesc-id.pt/~ines/publications/aimath06.pdf}",
} 

@article{Sudoku3,
 author = {Gihwon Kwon, Himanshu Jain},
 title = {Optimized CNF Encoding for Sudoku Puzzles},
 note = "Also available as \url{http://www.cs.cmu.edu/~hjain/papers/sudoku-as-SAT.pdf}",
} 
